@misc{ACS2010-2014,
	author={{United States Department of Commerce. Bureau of the Census.}},
        year=2017,
       title={American {C}ommunity {S}urvey 2010-2014 {ACS} 5-Year {PUMS} File [Data set]},
       type={Inter-university Consortium of Political and Social Research [distributor]},
       url={http://doi.org/10.3886/E100486V1},
       doi={10.3886/E100486V1},
       }
@misc{openicpsr:E100424V2,
	author = {Schmutte, Ian M.},
	year=2017,
	title={Economics of Privacy -- Raw Cornell National Social Survey Data},
	type={[Data set]},
	institution={Inter-university Consortium of Political and Social Research [distributor]}, url={http://doi.org/10.3886/E100424V2},
	doi={10.3886/E100424V2}
}
@misc{openicpsr:E100425V1,
	author = {Schmutte, Ian M.},
	year=2017,
	title={Economics of Privacy -- Raw National Health Interview Survey Data},
	type={[Data set]},
	institution={Inter-university Consortium of Political and Social Research [distributor]}, 
	url={http://doi.org/10.3886/E100424V2},
	doi={10.3886/E100424V2}
}

@misc{openicpsr:e100274v1,
	doi = {10.3886/e100274v1},
	author = {Sexton,  William and Abowd,  John M. and Schmutte,  Ian M. and Vilhuber,  Lars},
	title = {Synthetic population housing and person records for the United States},
	institution = {ICPSR - Interuniversity Consortium for Political and Social Research},
	year = {2017},
	type={[Data set]},
	
}